@INPROCEEDINGS{Races@PADL-10,
   author = {Maria Christakis and Konstantinos Sagonas},
    title = {{Static Detection of Race Conditions in Erlang}},
    pages = {119--133},
booktitle = {Practical Aspects of Declarative Languages (PADL'2010)},
   editor = {Manuel Carro and Ricardo Pe{\~{n}}a},
   volume = {5937},
   series = {Lecture Notes in Computer Science},
publisher = {Springer}, 
    month = jan,
     year = {2010}
}

@INPROCEEDINGS{SuccessTypings@PPDP-06,
   author = {Tobias Lindahl and Konstantinos Sagonas},
    title = {{Practical type inference based on success typings}},
booktitle = {Proceedings of the 8th {ACM SIGPLAN} Symposium on
             Principles and Practice of Declarative Programming},
     year = {2006},
     isbn = {1-59593-388-3},
    pages = {167--178},
 location = {Venice, Italy},
      doi = {http://doi.acm.org/10.1145/1140335.1140356},
publisher = {ACM Press},
  address = {New York, NY, USA},
}

@InProceedings{GradualTyping@Erlang-08,
   author = {Konstantinos Sagonas and Daniel Luna},
    title = {{Gradual Typing of {E}rlang Programs: A Wrangler Experience}},
    pages = {73--82},
booktitle = {Proceedings of the 7th {ACM} {SIGPLAN} Workshop on {Erlang}},
    month = sep,
     year = {2008},
 location = {Victoria, BC, Canada},
publisher = {ACM Press},
  address = {New York, NY, USA},
      doi = {http://doi.acm.org/10.1145/1411273.1411284}
}

@incollection {springerlink:10.1007/978-3-540-30477-7_7,
   author      = {Lindahl, Tobias and Sagonas, Konstantinos},
   affiliation = {Computing Science, Dept. of Information Technology,
                  Uppsala University Sweden},
   title       = {{Detecting Software Defects in Telecom Applications Through 
                   Lightweight Static Analysis: A War Story}},
   booktitle   = {Programming Languages and Systems},
   series      = {Lecture Notes in Computer Science},
   editor      = {Chin, Wei-Ngan},
   publisher   = {Springer Berlin / Heidelberg},
   pages       = {91-106},
   volume      = {3302},
   url         = {http://dx.doi.org/10.1007/978-3-540-30477-7\_7},
   year        = {2004}
}

@MastersThesis{Ypatia,
  author    =	{Ypatia Tsavliri},
  title     =	{{Parallelizing Dialyzer: a Static Analyzer that Detects
                  Bugs in Erlang Programs}},
  school    =	{Department of Electrical and Computer Engineering,
                 National Technical University of Athens},
  type      =   {Undergraduate thesis},
  year      =	{2010}
}

@MastersThesis{Elli,
  author    =	{Elli Fragkaki},
  title     =	{{Explanation of Success Typing Violations in Erlang Programs}},
  school    =	{Department of Electrical and Computer Engineering,
                 National Technical University of Athens},
  type      =   {Undergraduate thesis},
  year      =	{2010}
}

@MastersThesis{Manolis,
  author    =	{Emmanouil Papadakis},
  title     =	{{Automatic Random Testing of Function Properties from
                  Specifications}},
  school    =	{Department of Electrical and Computer Engineering,
                 National Technical University of Athens},
  type      =   {Undergraduate thesis},
  year      =	{2010}
}

@mastersthesis{opaques,
  author = {Manouk-Vartan Manoukian},
  title  = {{Detection of Opaque Violations in Erlang Using Static Analysis}},
  school = {Department of Electrical and Computer Engineering, National
	    Technical University of Athens},
  year   = {2009},
  type   = {Diploma thesis},
}

@mastersthesis{behaviours,
  author = {Ulf Ekstr\"{o}m},
  title  = {{Design Patterns for Simulations in Erlang/OTP}},
  school = {Computing Science, Dept. of Information Technology,
                  Uppsala University Sweden},
  year   = {2000}
}

@inproceedings{type_system,
  author       = {Miguel Jimenez and Tobias Lindahl and Konstantinos Sagonas},
  title        = {{A Language for Specifying Type Contracts in Erlang and its
		   Interaction with Success Typings}},
  booktitle    = {Proceedings of the 2007 SIGPLAN Workshop on Erlang},
  year         = {2007},
  pages        = {11-17},
  location     = {Freiburg, Germany},
  organization = {ACM},
}

@manual{des_princ,
    year = 2010, month = Dec,
    title = "OTP Design Principles User's Guide",
    organization = "Ericson AB",
    note = "Version 5.8.1,
    \url{http://www.erlang.org/doc/reference_manual/users_guide.html}"
}

@manual{erlman,
    year = 2010, month = Dec,
    title = "Erlang Reference Manual User's Guide",
    organization = "Ericson AB",
    note = "Version 5.8.1,
    \url{http://www.erlang.org/doc/design_principles/users_guide.html}"
}

@book{joe_book1,
  author    = {Joe Armstrong and Robert Virding and Claes Wikström and Mike
	       Williams},
  title     = {{Concurrent Programming in Erlang}},
  year      = {1996},
  publisher = {Prentice Hall Europe},
  edition   = {Second},
}

@inproceedings{druby,
 author = {Furr, Michael and An, Jong-hoon (David) and Foster, Jeffrey S. and Hicks, Michael},
 title = {Static type inference for {Ruby}},
 booktitle = {Proceedings of the 2009 ACM symposium on Applied Computing},
 series = {SAC '09},
 year = {2009},
 isbn = {978-1-60558-166-8},
 location = {Honolulu, Hawaii},
 pages = {1859--1866},
 numpages = {8},
 url = {http://doi.acm.org/10.1145/1529282.1529700},
 doi = {http://doi.acm.org/10.1145/1529282.1529700},
 acmid = {1529700},
 publisher = {ACM},
 address = {New York, NY, USA},
 keywords = {Ruby, contracts, dynamic typing, type inference},
}

@inproceedings{dylan,
 author = {Mehnert, Hannes},
 title = {Extending {Dylan}'s type system for better type inference and error detection},
 booktitle = {Proceedings of the 2010 international conference on Lisp},
 series = {ILC '10},
 year = {2010},
 isbn = {978-1-4503-0470-2},
 location = {Reno/Tahoe, Nevada, USA},
 pages = {1--10},
 numpages = {10},
 url = {http://doi.acm.org/10.1145/1869643.1869645},
 doi = {http://doi.acm.org/10.1145/1869643.1869645},
 acmid = {1869645},
 publisher = {ACM},
 address = {New York, NY, USA},
 keywords = {compilers, dylan, dynamic typing, generic functions, gradual typing, lisp, multimethods, multiple dispatch, object-orientation, static typing, type inference},
}

﻿@incollection {javascript,
   author = {Jensen, Simon and Møller, Anders and Thiemann, Peter},
   affiliation = {Aarhus University Denmark},
   title = {Type Analysis for {JavaScript}},
   booktitle = {Static Analysis},
   series = {Lecture Notes in Computer Science},
   editor = {Palsberg, Jens and Su, Zhendong},
   publisher = {Springer Berlin / Heidelberg},
   isbn = {},
   pages = {238-255},
   volume = {5673},
   url = {http://dx.doi.org/10.1007/978-3-642-03237-0\_17},
   year = {2009}
}

@inproceedings{polyvariant,
 author = {Palsberg, Jens and Pavlopoulou, Christina},
 title = {From polyvariant flow information to intersection and union types},
 booktitle = {Proceedings of the 25th ACM SIGPLAN-SIGACT symposium on Principles of programming languages},
 series = {POPL '98},
 year = {1998},
 isbn = {0-89791-979-3},
 location = {San Diego, California, United States},
 pages = {197--208},
 numpages = {12},
 url = {http://doi.acm.org/10.1145/268946.268963},
 doi = {http://doi.acm.org/10.1145/268946.268963},
 acmid = {268963},
 publisher = {ACM},
 address = {New York, NY, USA},
}

